<record><leader>00000cas a2200000 a 4500</leader><controlfield tag="001">26652795</controlfield><controlfield tag="008">920923d19191919ncuwr ne      0    0eng c</controlfield><datafield ind1=" " ind2=" " tag="010"><subfield code="a">sn 92073195 </subfield></datafield><datafield ind1=" " ind2=" " tag="040"><subfield code="a">NVJ</subfield><subfield code="b">eng</subfield><subfield code="c">NVJ</subfield><subfield code="d">CUI</subfield><subfield code="d">OCLCQ</subfield><subfield code="d">OCLCF</subfield></datafield><datafield ind1=" " ind2=" " tag="042"><subfield code="a">pcc</subfield></datafield><datafield ind1=" " ind2=" " tag="043"><subfield code="a">n-us-nc</subfield></datafield><datafield ind1=" " ind2="4" tag="050"><subfield code="a">AN</subfield></datafield><datafield ind1="0" ind2="4" tag="082"><subfield code="a">799.1</subfield></datafield><datafield ind1="0" ind2="4" tag="245"><subfield code="a">The Lenoir news, and the Lenoir topic.</subfield></datafield><datafield ind1="1" ind2="7" tag="246"><subfield code="a">Lenoir news-topic</subfield></datafield><datafield ind1=" " ind2=" " tag="260"><subfield code="a">Lenoir, N.C. :</subfield><subfield code="b">Caldwell Pub. Co.</subfield></datafield><datafield ind1=" " ind2=" " tag="300"><subfield code="a">v.</subfield></datafield><datafield ind1=" " ind2=" " tag="310"><subfield code="a">Weekly</subfield></datafield><datafield ind1="0" ind2=" " tag="362"><subfield code="a">Vol. 44, no. 27 (Apr. 4, 1919)-v. 44, no. 29 (Apr. 18, 1919).</subfield></datafield><datafield ind1=" " ind2="0" tag="651"><subfield code="a">Lenoir (N.C.)</subfield><subfield code="v">Periodicals.</subfield></datafield><datafield ind1=" " ind2="0" tag="651"><subfield code="a">Caldwell County (N.C.)</subfield><subfield code="v">Periodicals.</subfield></datafield><datafield ind1=" " ind2="7" tag="655"><subfield code="a">Periodicals.</subfield><subfield code="2">fast</subfield><subfield code="0">(OCoLC)fst01411641</subfield></datafield><datafield ind1=" " ind2="7" tag="651"><subfield code="a">North Carolina</subfield><subfield code="z">Caldwell County.</subfield><subfield code="2">fast</subfield><subfield code="0">(OCoLC)fst01218045</subfield></datafield><datafield ind1=" " ind2="7" tag="651"><subfield code="a">North Carolina</subfield><subfield code="z">Lenoir.</subfield><subfield code="2">fast</subfield><subfield code="0">(OCoLC)fst01215660</subfield></datafield><datafield ind1=" " ind2=" " tag="752"><subfield code="a">United States</subfield><subfield code="b">North Carolina</subfield><subfield code="c">Caldwell</subfield><subfield code="d">Lenoir.</subfield></datafield><datafield ind1="0" ind2="4" tag="780"><subfield code="t">Lenoir news</subfield><subfield code="w">(DLC)sn 93065759</subfield></datafield><datafield ind1="0" ind2="4" tag="780"><subfield code="t">Lenoir topic (Lenoir, N.C.)</subfield><subfield code="w">(DLC)sn 84024879</subfield></datafield><datafield ind1="0" ind2="0" tag="785"><subfield code="t">Lenoir news-topic</subfield><subfield code="w">(DLC)sn 92073196</subfield><subfield code="w">(OCoLC)26652822</subfield></datafield></record>